<record><leader>00000cas a22000007a 4500</leader><controlfield tag="001">19350236</controlfield><controlfield tag="008">890313d19051942iduwr ne      0    0eng d</controlfield><datafield ind1=" " ind2=" " tag="010"><subfield code="a">sn 89055080 </subfield></datafield><datafield ind1=" " ind2=" " tag="040"><subfield code="a">NVB</subfield><subfield code="b">eng</subfield><subfield code="c">NVB</subfield><subfield code="d">OCL</subfield><subfield code="d">OCLCQ</subfield><subfield code="d">OCLCF</subfield><subfield code="d">OCLCO</subfield></datafield><datafield ind1=" " ind2=" " tag="019"><subfield code="a">19474671</subfield></datafield><datafield ind1="1" ind2=" " tag="029"><subfield code="a">AU@</subfield><subfield code="b">000025904764</subfield></datafield><datafield ind1=" " ind2=" " tag="042"><subfield code="a">msc</subfield></datafield><datafield ind1=" " ind2=" " tag="043"><subfield code="a">n-us-id</subfield></datafield><datafield ind1="0" ind2="4" tag="245"><subfield code="a">The Kamiah progress.</subfield></datafield><datafield ind1="1" ind2="7" tag="246"><subfield code="a">Progress</subfield></datafield><datafield ind1=" " ind2=" " tag="260"><subfield code="a">Kamiah, Idaho :</subfield><subfield code="b">C. Hoffstetter</subfield></datafield><datafield ind1=" " ind2=" " tag="300"><subfield code="a">v.</subfield></datafield><datafield ind1=" " ind2=" " tag="310"><subfield code="a">Weekly</subfield></datafield><datafield ind1="0" ind2=" " tag="362"><subfield code="a">Vol. 1, no. 1 (Nov. 24, 1905)-v. 37, no. 31 (June 25, 1942).</subfield></datafield><datafield ind1=" " ind2="0" tag="651"><subfield code="a">Kamiah (Idaho)</subfield><subfield code="v">Newspapers.</subfield></datafield><datafield ind1=" " ind2="7" tag="655"><subfield code="a">Newspapers.</subfield><subfield code="2">fast</subfield><subfield code="0">(OCoLC)fst01423814</subfield></datafield><datafield ind1=" " ind2="7" tag="651"><subfield code="a">Idaho</subfield><subfield code="z">Kamiah.</subfield><subfield code="2">fast</subfield><subfield code="0">(OCoLC)fst01291235</subfield></datafield><datafield ind1=" " ind2=" " tag="752"><subfield code="a">United States</subfield><subfield code="b">Idaho</subfield><subfield code="c">Lewis</subfield><subfield code="d">Kamiah.</subfield></datafield><datafield ind1="0" ind2="0" tag="780"><subfield code="t">Stites progress</subfield></datafield><datafield ind1="0" ind2="4" tag="785"><subfield code="t">Nez Perce herald</subfield><subfield code="w">(DLC)sn 89055082</subfield></datafield></record>